@book{nowak2010,
  author = {Nowak, Jan},
  year = {2010},
  title = {Praca jednego autora},
  publisher = {Wydawnictwo A},
}

@book{nowakKowalski2010,
  author = {Nowak, Jan and Kowalski, Adam},
  year = {2010},
  title = {Praca dwóch autorów},
  publisher = {Wydawnictwo B},
}

@book{nowakKowalskiIksinska2010,
  author = {Nowak, Jan and Kowalski, Adam and Iksińska, Maria},
  year = {2010},
  title = {Praca trzech autorów},
  publisher = {Wydawnictwo C},
}

@book{nowakEtAl2011,
  author = {Nowak, Jan and Kowalski, Adam and Iksińska, Maria and Inny, Piotr},
  year = {2011},
  title = {Praca czterech i więcej autorów},
  publisher = {Wydawnictwo D},
}

@report{ncn2011,
  author = {{Narodowe Centrum Nauki}},
  shortauthor={{NCN}},
  label = {NCN},
  year = {2011},
  title = {Praca instytucji NCN},
}
@online{www:kotlin,
title = {Strona kotlin},
url={https://kotlin.org},
year = {2024-07-05}
}